%% This BibTeX bibliography file was created using BibDesk.
%% https://bibdesk.sourceforge.io/

%% Created for Pamela Fuhrmeister at 2023-04-05 15:47:55 +0200 


%% Saved with string encoding Unicode (UTF-8) 



@article{becic2010brief,
	author = {Becic, Ensar and Dell, Gary S and Bock, Kathryn and Garnsey, Susan M and Kubose, Tate and Kramer, Arthur F},
	date-added = {2023-04-05 15:47:52 +0200},
	date-modified = {2023-04-05 15:47:52 +0200},
	journal = {Psychonomic bulletin \& review},
	number = {1},
	pages = {15--21},
	title = {BRIEF REPORTS Driving impairs talking},
	volume = {17},
	year = {2010}}

@article{dromey2019bidirectional,
	author = {Dromey, Christopher and Simmons, Kelsey},
	date-added = {2023-04-05 15:47:14 +0200},
	date-modified = {2023-04-05 15:47:14 +0200},
	journal = {Journal of Speech, Language, and Hearing Research},
	number = {7},
	pages = {2053--2064},
	publisher = {ASHA},
	title = {Bidirectional interference between simulated driving and speaking},
	volume = {62},
	year = {2019}}

@article{corsi1972human,
	author = {Corsi, Philip Michael},
	date-added = {2023-04-04 15:43:14 +0200},
	date-modified = {2023-04-04 15:43:14 +0200},
	title = {Human memory and the medial temporal region of the brain.},
	year = {1972}}

@article{verbruggen2013fictitious,
	author = {Verbruggen, Frederick and Chambers, Christopher D and Logan, Gordon D},
	date-added = {2023-04-04 12:51:11 +0200},
	date-modified = {2023-04-04 12:51:11 +0200},
	journal = {Psychological science},
	number = {3},
	pages = {352--362},
	publisher = {Sage Publications Sage CA: Los Angeles, CA},
	title = {Fictitious inhibitory differences: how skewness and slowing distort the estimation of stopping latencies},
	volume = {24},
	year = {2013}}

@article{levelt1999theory,
	author = {Levelt, Willem JM and Roelofs, Ardi and Meyer, Antje S},
	date-added = {2023-04-04 10:56:06 +0200},
	date-modified = {2023-04-04 10:56:06 +0200},
	journal = {Behavioral and brain sciences},
	number = {1},
	pages = {1--38},
	publisher = {Cambridge University Press},
	title = {A theory of lexical access in speech production},
	volume = {22},
	year = {1999}}

@article{ferreira2002central,
	author = {Ferreira, Victor S and Pashler, Harold},
	date-added = {2023-01-02 15:52:56 +0100},
	date-modified = {2023-01-02 15:52:56 +0100},
	journal = {Journal of Experimental Psychology: Learning, Memory, and Cognition},
	number = {6},
	pages = {1187},
	publisher = {American Psychological Association},
	title = {Central bottleneck influences on the processing stages of word production.},
	volume = {28},
	year = {2002}}

@article{massidda2013package,
	author = {Massidda, Davide and Massidda, Maintainer Davide},
	date-added = {2023-01-02 15:49:24 +0100},
	date-modified = {2023-01-02 15:49:24 +0100},
	title = {Package `retimes'},
	year = {2013}}

@article{tse2010effects,
	author = {Tse, Chi-Shing and Balota, David A and Yap, Melvin J and Duchek, Janet M and McCabe, David P},
	date-added = {2023-01-02 15:48:36 +0100},
	date-modified = {2023-01-02 15:48:36 +0100},
	journal = {Neuropsychology},
	number = {3},
	pages = {300},
	publisher = {American Psychological Association},
	title = {Effects of healthy aging and early stage dementia of the Alzheimer's type on components of response time distributions in three attention tasks.},
	volume = {24},
	year = {2010}}

@article{balota2011moving,
	author = {Balota, David A and Yap, Melvin J},
	date-added = {2023-01-02 15:47:02 +0100},
	date-modified = {2023-01-02 15:47:02 +0100},
	journal = {Current Directions in Psychological Science},
	number = {3},
	pages = {160--166},
	publisher = {Sage Publications Sage CA: Los Angeles, CA},
	title = {Moving beyond the mean in studies of mental chronometry: The power of response time distributional analyses},
	volume = {20},
	year = {2011}}

@article{o2009uncovering,
	author = {O'Connell, Redmond G and Dockree, Paul M and Robertson, Ian H and Bellgrove, Mark A and Foxe, John J and Kelly, Simon P},
	date-added = {2023-01-02 14:56:26 +0100},
	date-modified = {2023-01-02 14:56:26 +0100},
	journal = {Journal of Neuroscience},
	number = {26},
	pages = {8604--8611},
	publisher = {Soc Neuroscience},
	title = {Uncovering the neural signature of lapsing attention: electrophysiological signals predict errors up to 20 s before they occur},
	volume = {29},
	year = {2009}}

@article{shalev2011conjunctive,
	author = {Shalev, Lilach and Ben-Simon, Anat and Mevorach, Carmel and Cohen, Yoav and Tsal, Yehoshua},
	date-added = {2023-01-02 14:54:48 +0100},
	date-modified = {2023-01-02 14:54:48 +0100},
	journal = {Neuropsychologia},
	number = {9},
	pages = {2584--2591},
	publisher = {Elsevier},
	title = {Conjunctive Continuous Performance Task (CCPT)---A pure measure of sustained attention},
	volume = {49},
	year = {2011}}

@article{wostmann2013reliability,
	author = {W{\"o}stmann, Nicola M and Aichert, D{\'e}sir{\'e}e S and Costa, Anna and Rubia, Katya and M{\"o}ller, Hans-J{\"u}rgen and Ettinger, Ulrich},
	date-added = {2023-01-02 14:52:55 +0100},
	date-modified = {2023-01-02 14:52:55 +0100},
	journal = {Brain and cognition},
	number = {1},
	pages = {82--94},
	publisher = {Elsevier},
	title = {Reliability and plasticity of response inhibition and interference control},
	volume = {81},
	year = {2013}}

@article{matzke2018stop,
	author = {Matzke, Dora and Verbruggen, Frederick and Logan, G},
	date-added = {2023-01-02 14:47:17 +0100},
	date-modified = {2023-01-02 14:47:17 +0100},
	journal = {Stevens' handbook of experimental psychology and cognitive neuroscience},
	pages = {383--427},
	publisher = {John Wiley \& Sons, Inc Hoboken, NJ},
	title = {The stop-signal paradigm},
	volume = {5},
	year = {2018}}

@article{mathot2012opensesame,
	author = {Math{\^o}t, Sebastiaan and Schreij, Daniel and Theeuwes, Jan},
	date-added = {2022-12-08 14:57:01 +0100},
	date-modified = {2022-12-08 14:57:01 +0100},
	journal = {Behavior research methods},
	number = {2},
	pages = {314--324},
	publisher = {Springer},
	title = {OpenSesame: An open-source, graphical experiment builder for the social sciences},
	volume = {44},
	year = {2012}}

@article{draheim2018item,
	author = {Draheim, Christopher and Harrison, Tyler L and Embretson, Susan E and Engle, Randall W},
	date-added = {2022-12-08 14:56:39 +0100},
	date-modified = {2022-12-08 14:56:39 +0100},
	journal = {Psychological Assessment},
	number = {1},
	pages = {116},
	publisher = {American Psychological Association},
	title = {What item response theory can tell us about the complex span tasks.},
	volume = {30},
	year = {2018}}

@article{foster2015shortened,
	author = {Foster, Jeffrey L and Shipstead, Zach and Harrison, Tyler L and Hicks, Kenny L and Redick, Thomas S and Engle, Randall W},
	date-added = {2022-12-08 14:53:34 +0100},
	date-modified = {2022-12-08 14:53:34 +0100},
	journal = {Memory \& cognition},
	number = {2},
	pages = {226--236},
	publisher = {Springer},
	title = {Shortened complex span tasks can reliably measure working memory capacity},
	volume = {43},
	year = {2015}}

@article{heister2011dlexdb,
	author = {Heister, Julian and W{\"u}rzner, Kay-Michael and Bubenzer, Johannes and Pohl, Edmund and Hanneforth, Thomas and Geyken, Alexander and Kliegl, Reinhold},
	date-added = {2022-12-08 14:40:31 +0100},
	date-modified = {2022-12-08 14:40:31 +0100},
	journal = {Psychologische Rundschau},
	number = {1},
	pages = {10},
	title = {dlexDB---Eine lexikalische Datenbank f{\"u}r die psychologische und linguistische Forschung},
	volume = {62},
	year = {2011}}

@article{wechsler1987wechsler,
	author = {Wechsler, David},
	date-added = {2022-12-08 14:38:52 +0100},
	date-modified = {2022-12-08 14:38:52 +0100},
	journal = {Psychological Corporation},
	title = {Wechsler memory scale-revised},
	year = {1987}}

@article{wechsler2008wechsler,
	author = {Wechsler, David},
	date-added = {2022-12-08 14:36:27 +0100},
	date-modified = {2022-12-08 14:36:27 +0100},
	journal = {San Antonio, TX: NCS Pearson},
	number = {498},
	pages = {1},
	title = {Wechsler adult intelligence scale--Fourth Edition (WAIS--IV)},
	volume = {22},
	year = {2008}}

@misc{lehrl1975mehrfachwahl,
	author = {Lehrl, S},
	date-added = {2022-12-08 14:35:19 +0100},
	date-modified = {2022-12-08 14:35:19 +0100},
	publisher = {perimed Verlag},
	title = {Mehrfachwahl-Wortschatztest MWT-B Erlangen},
	year = {1975}}

@article{sarter2001cognitive,
	author = {Sarter, Martin and Givens, Ben and Bruno, John P},
	date-added = {2022-12-06 11:48:30 +0100},
	date-modified = {2022-12-06 11:48:30 +0100},
	journal = {Brain research reviews},
	number = {2},
	pages = {146--160},
	publisher = {Elsevier},
	title = {The cognitive neuroscience of sustained attention: where top-down meets bottom-up},
	volume = {35},
	year = {2001}}

@article{burki2022picture,
	author = {B{\"u}rki, Audrey and Madec, Sylvain},
	date-added = {2022-12-06 11:44:40 +0100},
	date-modified = {2022-12-06 11:44:40 +0100},
	journal = {Journal of Experimental Psychology: Learning, Memory, and Cognition},
	publisher = {American Psychological Association},
	title = {Picture-word interference in language production studies: Exploring the roles of attention and processing times.},
	year = {2022}}

@article{logan1984ability,
	author = {Logan, Gordon D and Cowan, William B},
	date-added = {2022-12-06 11:38:55 +0100},
	date-modified = {2022-12-06 11:38:55 +0100},
	journal = {Psychological review},
	number = {3},
	pages = {295},
	publisher = {American Psychological Association},
	title = {On the ability to inhibit thought and action: A theory of an act of control.},
	volume = {91},
	year = {1984}}

@article{de1995strategies,
	author = {De Jong, Ritske and Coles, Michael GH and Logan, Gordon D},
	date-added = {2022-12-06 11:38:02 +0100},
	date-modified = {2022-12-06 11:38:02 +0100},
	journal = {Journal of experimental psychology: Human perception and performance},
	number = {3},
	pages = {498},
	publisher = {American Psychological Association},
	title = {Strategies and mechanisms in nonselective and selective inhibitory motor control.},
	volume = {21},
	year = {1995}}

@article{fuhrmeister2022distributional,
	author = {Fuhrmeister, Pamela and B{\"u}rki, Audrey},
	date-added = {2022-12-06 11:31:41 +0100},
	date-modified = {2022-12-06 11:31:41 +0100},
	journal = {Psychonomic Bulletin \& Review},
	number = {2},
	pages = {635--647},
	publisher = {Springer},
	title = {Distributional properties of semantic interference in picture naming: Bayesian meta-analyses},
	volume = {29},
	year = {2022}}

@article{ridderinkhof2005delta,
	author = {Ridderinkhof, K Richard and Scheres, Anouk and Oosterlaan, Jaap and Sergeant, Joseph A},
	date-added = {2022-12-06 11:30:24 +0100},
	date-modified = {2022-12-06 11:30:24 +0100},
	journal = {Journal of abnormal psychology},
	number = {2},
	pages = {197},
	publisher = {American Psychological Association},
	title = {Delta plots in the study of individual differences: new tools reveal response inhibition deficits in AD/Hd that are eliminated by methylphenidate treatment.},
	volume = {114},
	year = {2005}}

@article{ridderinkhof2004response,
	author = {Ridderinkhof, K Richard and van den Wildenberg, Wery PM and Wijnen, Jasper and Burle, Bor{\'\i}s and others},
	date-added = {2022-12-06 11:29:41 +0100},
	date-modified = {2022-12-06 11:29:41 +0100},
	journal = {Cognitive neuroscience of attention},
	pages = {377},
	title = {Response inhibition in conflict tasks is revealed in delta plots},
	volume = {369},
	year = {2004}}

@article{burki2020did,
	author = {B{\"u}rki, Audrey and Elbuy, Shereen and Madec, Sylvain and Vasishth, Shravan},
	date-added = {2022-12-06 11:26:58 +0100},
	date-modified = {2022-12-06 11:26:58 +0100},
	journal = {Journal of Memory and Language},
	pages = {104125},
	publisher = {Elsevier},
	title = {What did we learn from forty years of research on semantic interference? A Bayesian meta-analysis},
	volume = {114},
	year = {2020}}

@article{scerrati2017comparing,
	author = {Scerrati, Elisa and Lugli, Luisa and Nicoletti, Roberto and Umilt{\`a}, Carlo},
	date-added = {2022-12-06 11:06:44 +0100},
	date-modified = {2022-12-06 11:06:44 +0100},
	journal = {Scientific reports},
	number = {1},
	pages = {1--11},
	publisher = {Nature Publishing Group},
	title = {Comparing Stroop-like and Simon effects on perceptual features},
	volume = {7},
	year = {2017}}

@article{hommel1997interactions,
	author = {Hommel, Bernhard},
	date-added = {2022-12-06 11:06:01 +0100},
	date-modified = {2022-12-06 11:06:01 +0100},
	journal = {Psychological Research},
	number = {4},
	pages = {248--260},
	publisher = {Springer},
	title = {Interactions between stimulus-stimulus congruence and stimulus-response compatibility},
	volume = {59},
	year = {1997}}

@article{kornblum1994way,
	author = {Kornblum, Sylvan},
	date-added = {2022-12-06 11:05:23 +0100},
	date-modified = {2022-12-06 11:05:23 +0100},
	journal = {Psychological research},
	number = {3},
	pages = {130--135},
	publisher = {Springer},
	title = {The way irrelevant dimensions are processed depends on what they overlap with: The case of Stroop-and Simon-like stimuli},
	volume = {56},
	year = {1994}}

@article{rey2018inhibition,
	author = {Rey-Mermet, Alodie and Gade, Miriam},
	date-added = {2022-12-06 10:50:15 +0100},
	date-modified = {2022-12-06 10:50:15 +0100},
	journal = {Psychonomic bulletin \& review},
	number = {5},
	pages = {1695--1716},
	publisher = {Springer},
	title = {Inhibition in aging: What is preserved? What declines? A meta-analysis},
	volume = {25},
	year = {2018}}

@article{shipstead2012working,
	author = {Shipstead, Zach and Redick, Thomas S and Engle, Randall W},
	date-added = {2022-12-06 10:48:28 +0100},
	date-modified = {2022-12-06 10:48:28 +0100},
	journal = {Psychological bulletin},
	number = {4},
	pages = {628},
	publisher = {American Psychological Association},
	title = {Is working memory training effective?},
	volume = {138},
	year = {2012}}

@article{engle1999working,
	author = {Engle, Randall W and Tuholski, Stephen W and Laughlin, James E and Conway, Andrew RA},
	date-added = {2022-12-06 10:47:33 +0100},
	date-modified = {2022-12-06 10:47:33 +0100},
	journal = {Journal of experimental psychology: General},
	number = {3},
	pages = {309},
	publisher = {American Psychological Association},
	title = {Working memory, short-term memory, and general fluid intelligence: a latent-variable approach.},
	volume = {128},
	year = {1999}}

@article{harrison2013working,
	author = {Harrison, Tyler L and Shipstead, Zach and Hicks, Kenny L and Hambrick, David Z and Redick, Thomas S and Engle, Randall W},
	date-added = {2022-12-06 10:46:52 +0100},
	date-modified = {2022-12-06 10:46:52 +0100},
	journal = {Psychological science},
	number = {12},
	pages = {2409--2419},
	publisher = {Sage Publications Sage CA: Los Angeles, CA},
	title = {Working memory training may increase working memory capacity but not fluid intelligence},
	volume = {24},
	year = {2013}}

@article{unsworth2009complex,
	author = {Unsworth, Nash and Redick, Thomas S and Heitz, Richard P and Broadway, James M and Engle, Randall W},
	date-added = {2022-12-06 10:46:01 +0100},
	date-modified = {2022-12-06 10:46:01 +0100},
	journal = {Memory},
	number = {6},
	pages = {635--654},
	publisher = {Taylor \& Francis},
	title = {Complex working memory span tasks and higher-order cognition: A latent-variable analysis of the relationship between processing and storage},
	volume = {17},
	year = {2009}}

@article{unsworth2005automated,
	author = {Unsworth, Nash and Heitz, Richard P and Schrock, Josef C and Engle, Randall W},
	date-added = {2022-12-06 10:44:54 +0100},
	date-modified = {2022-12-06 10:44:54 +0100},
	journal = {Behavior research methods},
	number = {3},
	pages = {498--505},
	publisher = {Springer},
	title = {An automated version of the operation span task},
	volume = {37},
	year = {2005}}

@article{baddeley2010working,
	author = {Baddeley, Alan},
	date-added = {2022-12-06 10:43:24 +0100},
	date-modified = {2022-12-06 10:43:24 +0100},
	journal = {Current biology},
	number = {4},
	pages = {R136--R140},
	publisher = {Elsevier},
	title = {Working memory},
	volume = {20},
	year = {2010}}

@article{baddeley1992working,
	author = {Baddeley, Alan},
	date-added = {2022-12-06 10:42:30 +0100},
	date-modified = {2022-12-06 10:42:30 +0100},
	journal = {Science},
	number = {5044},
	pages = {556--559},
	publisher = {American Association for the Advancement of Science},
	title = {Working memory},
	volume = {255},
	year = {1992}}

@article{paap2014bilingual,
	author = {Paap, Kenneth R and Sawi, Oliver},
	date-added = {2022-12-06 10:36:37 +0100},
	date-modified = {2022-12-06 10:36:37 +0100},
	journal = {Frontiers in psychology},
	pages = {962},
	publisher = {Frontiers Media SA},
	title = {Bilingual advantages in executive functioning: problems in convergent validity, discriminant validity, and the identification of the theoretical constructs},
	volume = {5},
	year = {2014}}

@article{shao2015selective,
	author = {Shao, Zeshu and Roelofs, Ardi and Martin, Randi C and Meyer, Antje S},
	date-added = {2022-12-06 10:32:30 +0100},
	date-modified = {2022-12-06 10:32:30 +0100},
	journal = {Journal of Experimental Psychology: Learning, Memory, and Cognition},
	number = {6},
	pages = {1806},
	publisher = {American Psychological Association},
	title = {Selective inhibition and naming performance in semantic blocking, picture-word interference, and color--word Stroop tasks.},
	volume = {41},
	year = {2015}}

@article{strayer2001driven,
	author = {Strayer, David L and Johnston, William A},
	date-added = {2022-12-06 10:28:13 +0100},
	date-modified = {2022-12-06 10:28:13 +0100},
	journal = {Psychological science},
	number = {6},
	pages = {462--466},
	publisher = {Sage Publications Sage CA: Los Angeles, CA},
	title = {Driven to distraction: Dual-task studies of simulated driving and conversing on a cellular telephone},
	volume = {12},
	year = {2001}}

@article{kubose2006effects,
	author = {Kubose, Tate T and Bock, Kathryn and Dell, Gary S and Garnsey, Susan M and Kramer, Arthur F and Mayhugh, Jeff},
	date-added = {2022-12-06 10:27:35 +0100},
	date-modified = {2022-12-06 10:27:35 +0100},
	journal = {Applied Cognitive Psychology: THe Official Journal of the Society for Applied Research in Memory and Cognition},
	number = {1},
	pages = {43--63},
	publisher = {Wiley Online Library},
	title = {The effects of speech production and speech comprehension on simulated driving performance},
	volume = {20},
	year = {2006}}

@article{alario2004predictors,
	author = {Alario, F-Xavier and Ferrand, Ludovic and Laganaro, Marina and New, Boris and Frauenfelder, Uli H and Segui, Juan},
	date-added = {2022-11-28 13:42:16 +0100},
	date-modified = {2022-11-28 13:42:16 +0100},
	journal = {Behavior Research Methods, Instruments, \& Computers},
	number = {1},
	pages = {140--155},
	publisher = {Springer},
	title = {Predictors of picture naming speed},
	volume = {36},
	year = {2004}}

@article{baayen2010analyzing,
	author = {Baayen, R Harald and Milin, Petar},
	date-added = {2022-11-28 13:42:16 +0100},
	date-modified = {2022-11-28 13:42:16 +0100},
	journal = {International Journal of Psychological Research},
	number = {2},
	pages = {12--28},
	publisher = {Universidad de San Buenaventura (USB), Medell{\'\i}n},
	title = {Analyzing reaction times},
	volume = {3},
	year = {2010}}

@article{bartolozzi2021concurrent,
	author = {Bartolozzi, Federica and Jongman, Suzanne R and Meyer, Antje S},
	date-added = {2022-11-28 13:42:16 +0100},
	date-modified = {2022-11-28 13:42:16 +0100},
	journal = {Journal of Experimental Psychology: Learning, Memory, and Cognition},
	number = {3},
	pages = {466},
	publisher = {American Psychological Association},
	title = {Concurrent speech planning does not eliminate repetition priming from spoken words: Evidence from linguistic dual-tasking.},
	volume = {47},
	year = {2021}}

@misc{boersma2021praat,
	author = {Boersma, Paul and Weenink, David},
	date-added = {2022-11-28 13:42:16 +0100},
	date-modified = {2022-11-28 13:42:16 +0100},
	title = {Praat: doing phonetics by computer [Computer program]. Version 6.1. 44},
	year = {2021}}

@article{borgmann2007simon,
	author = {Borgmann, Karl WU and Risko, Evan F and Stolz, Jennifer A and Besner, Derek},
	date-added = {2022-11-28 13:42:16 +0100},
	date-modified = {2022-11-28 13:42:16 +0100},
	journal = {Psychonomic Bulletin \& Review},
	number = {2},
	pages = {313--319},
	publisher = {Springer},
	title = {Simon says: Reliability and the role of working memory and attentional control in the Simon task},
	volume = {14},
	year = {2007}}

@article{borragan2018exploring,
	author = {Borragan, Maria and Martin, Clara D and De Bruin, Angela and Du{\~n}abeitia, Jon Andoni},
	date-added = {2022-11-28 13:42:16 +0100},
	date-modified = {2022-11-28 13:42:16 +0100},
	journal = {Frontiers in psychology},
	pages = {2256},
	publisher = {Frontiers},
	title = {Exploring different types of inhibition during bilingual language production},
	volume = {9},
	year = {2018}}

@article{burki2017electrophysiological,
	author = {B{\"u}rki, Audrey},
	date-added = {2022-11-28 13:42:16 +0100},
	date-modified = {2022-11-28 13:42:16 +0100},
	journal = {Psychophysiology},
	number = {9},
	pages = {1370--1392},
	publisher = {Wiley Online Library},
	title = {Electrophysiological characterization of facilitation and interference in the picture-word interference paradigm},
	volume = {54},
	year = {2017}}

@article{chen2021trial,
	author = {Chen, Gang and Pine, Daniel S and Brotman, Melissa A and Smith, Ashley R and Cox, Robert W and Haller, Simone P},
	date-added = {2022-11-28 13:42:16 +0100},
	date-modified = {2022-11-28 13:42:16 +0100},
	journal = {NeuroImage},
	pages = {118647},
	publisher = {Elsevier},
	title = {Trial and error: A hierarchical modeling approach to test-retest reliability},
	volume = {245},
	year = {2021}}

@article{congdon2012measurement,
	author = {Congdon, Eliza and Mumford, Jeanette A and Cohen, Jessica R and Galvan, Adriana and Canli, Turhan and Poldrack, Russell A},
	date-added = {2022-11-28 13:42:16 +0100},
	date-modified = {2022-11-28 13:42:16 +0100},
	journal = {Frontiers in psychology},
	pages = {37},
	publisher = {Frontiers},
	title = {Measurement and reliability of response inhibition},
	volume = {3},
	year = {2012}}

@article{conway2005working,
	author = {Conway, Andrew RA and Kane, Michael J and Bunting, Michael F and Hambrick, D Zach and Wilhelm, Oliver and Engle, Randall W},
	date-added = {2022-11-28 13:42:16 +0100},
	date-modified = {2022-11-28 13:42:16 +0100},
	journal = {Psychonomic bulletin \& review},
	number = {5},
	pages = {769--786},
	publisher = {Springer},
	title = {Working memory span tasks: A methodological review and user's guide},
	volume = {12},
	year = {2005}}

@article{costa2009time,
	author = {Costa, Albert and Strijkers, Kristof and Martin, Clara and Thierry, Guillaume},
	date-added = {2022-11-28 13:42:16 +0100},
	date-modified = {2022-11-28 13:42:16 +0100},
	journal = {Proceedings of the National Academy of Sciences},
	number = {50},
	pages = {21442--21446},
	publisher = {National Acad Sciences},
	title = {The time course of word retrieval revealed by event-related brain potentials during overt speech},
	volume = {106},
	year = {2009}}

@article{cuetos1999naming,
	author = {Cuetos, Fernando and Ellis, Andrew W and Alvarez, Bernardo},
	date-added = {2022-11-28 13:42:16 +0100},
	date-modified = {2022-11-28 13:42:16 +0100},
	journal = {Behavior Research Methods, Instruments, \& Computers},
	number = {4},
	pages = {650--658},
	publisher = {Springer},
	title = {Naming times for the Snodgrass and Vanderwart pictures in Spanish},
	volume = {31},
	year = {1999}}

@article{damian2007time,
	author = {Damian, Markus F and Dumay, Nicolas},
	date-added = {2022-11-28 13:42:16 +0100},
	date-modified = {2022-11-28 13:42:16 +0100},
	journal = {Journal of Memory and Language},
	number = {2},
	pages = {195--209},
	publisher = {Elsevier},
	title = {Time pressure and phonological advance planning in spoken production},
	volume = {57},
	year = {2007}}

@article{donders1997short,
	author = {Donders, Jacques},
	date-added = {2022-11-28 13:42:16 +0100},
	date-modified = {2022-11-28 13:42:16 +0100},
	journal = {Psychological assessment},
	number = {1},
	pages = {15},
	publisher = {American Psychological Association},
	title = {A short form of the WISC--III for clinical use.},
	volume = {9},
	year = {1997}}

@article{dunabeitia2018multipic,
	author = {Du{\~n}abeitia, Jon Andoni and Crepaldi, Davide and Meyer, Antje S and New, Boris and Pliatsikas, Christos and Smolka, Eva and Brysbaert, Marc},
	date-added = {2022-11-28 13:42:16 +0100},
	date-modified = {2022-11-28 13:42:16 +0100},
	journal = {Quarterly Journal of Experimental Psychology},
	number = {4},
	pages = {808--816},
	publisher = {Sage Publications Sage UK: London, England},
	title = {MultiPic: A standardized set of 750 drawings with norms for six European languages},
	volume = {71},
	year = {2018}}

@article{ellis1998real,
	author = {Ellis, Andrew W and Morrison, Catriona M},
	date-added = {2022-11-28 13:42:16 +0100},
	date-modified = {2022-11-28 13:42:16 +0100},
	journal = {Journal of experimental psychology: learning, Memory, and cognition},
	number = {2},
	pages = {515},
	publisher = {American Psychological Association},
	title = {Real age-of-acquisition effects in lexical retrieval.},
	volume = {24},
	year = {1998}}

@article{fairs2021can,
	author = {Fairs, Amie and Strijkers, Kristof},
	date-added = {2022-11-28 13:42:16 +0100},
	date-modified = {2022-11-28 13:42:16 +0100},
	journal = {PLoS One},
	number = {10},
	title = {Can we use the internet to study speech production? Yes we can! Evidence contrasting online versus laboratory naming latencies and errors},
	volume = {16},
	year = {2021}}

@article{fargier2019interference,
	author = {Fargier, Rapha{\"e}l and Laganaro, Marina},
	date-added = {2022-11-28 13:42:16 +0100},
	date-modified = {2022-11-28 13:42:16 +0100},
	journal = {Scientific reports},
	number = {1},
	pages = {1--13},
	publisher = {Nature Publishing Group},
	title = {Interference in speaking while hearing and vice versa},
	volume = {9},
	year = {2019}}

@article{fieder2019close,
	author = {Fieder, Nora and Wartenburger, Isabell and Rahman, Rasha Abdel},
	date-added = {2022-11-28 13:42:16 +0100},
	date-modified = {2022-11-28 13:42:16 +0100},
	journal = {Memory \& cognition},
	number = {1},
	pages = {145--168},
	publisher = {Springer},
	title = {A close call: Interference from semantic neighbourhood density and similarity in language production},
	volume = {47},
	year = {2019}}

@article{fuhrmeister2022behavioral,
	author = {Fuhrmeister, Pamela and Madec, Sylvain and Lorenz, Antje and Elbuy, Shereen and B{\"u}rki, Audrey},
	date-added = {2022-11-28 13:42:16 +0100},
	date-modified = {2022-11-28 13:42:16 +0100},
	journal = {Language, Cognition, and Neuroscience},
	title = {Behavioral and EEG evidence for inter-individual variability in late encoding stages of word production},
	year = {2022}}

@article{gauvin2018no,
	author = {Gauvin, Hanna S and Jonen, Magdalena K and Choi, Jessica and McMahon, Katie and de Zubicaray, Greig I},
	date-added = {2022-11-28 13:42:16 +0100},
	date-modified = {2022-11-28 13:42:16 +0100},
	journal = {Quarterly Journal of Experimental Psychology},
	number = {12},
	pages = {2562--2570},
	publisher = {Sage Publications Sage UK: London, England},
	title = {No lexical competition without priming: Evidence from the picture--word interference paradigm},
	volume = {71},
	year = {2018}}

@article{gerhand1999age,
	author = {Gerhand, Simon and Barry, Christopher},
	date-added = {2022-11-28 13:42:16 +0100},
	date-modified = {2022-11-28 13:42:16 +0100},
	journal = {Cognition},
	number = {2},
	pages = {B27--B36},
	publisher = {Elsevier},
	title = {Age-of-acquisition and frequency effects in speeded word naming},
	volume = {73},
	year = {1999}}

@article{haines2020learning,
	author = {Haines, Nathaniel and Kvam, Peter D and Irving, Louis H and Smith, Colin and Beauchaine, Theodore P and Pitt, Mark A and Ahn, Woo-Young and Turner, Brandon},
	date-added = {2022-11-28 13:42:16 +0100},
	date-modified = {2022-11-28 13:42:16 +0100},
	publisher = {PsyArXiv},
	title = {Learning from the reliability paradox: How theoretically informed generative models can advance the social, behavioral, and brain sciences},
	year = {2020}}

@article{hedge2018reliability,
	author = {Hedge, Craig and Powell, Georgina and Sumner, Petroc},
	date-added = {2022-11-28 13:42:16 +0100},
	date-modified = {2022-11-28 13:42:16 +0100},
	journal = {Behavior research methods},
	number = {3},
	pages = {1166--1186},
	publisher = {Springer},
	title = {The reliability paradox: Why robust cognitive tasks do not produce reliable individual differences},
	volume = {50},
	year = {2018}}

@article{heitz2014speed,
	author = {Heitz, Richard P},
	date-added = {2022-11-28 13:42:16 +0100},
	date-modified = {2022-11-28 13:42:16 +0100},
	journal = {Frontiers in neuroscience},
	pages = {150},
	publisher = {Frontiers},
	title = {The speed-accuracy tradeoff: history, physiology, methodology, and behavior},
	volume = {8},
	year = {2014}}

@book{jhangiani2015research,
	author = {Jhangiani, Rajiv S and Chiang, IA and Price, Paul C},
	date-added = {2022-11-28 13:42:16 +0100},
	date-modified = {2022-11-28 13:42:16 +0100},
	publisher = {BC Campus},
	title = {Research methods in psychology-2nd Canadian Edition},
	year = {2015}}

@article{jongman2015role,
	author = {Jongman, Suzanne R and Meyer, Antje S and Roelofs, Ardi},
	date-added = {2022-11-28 13:42:16 +0100},
	date-modified = {2022-11-28 13:42:16 +0100},
	journal = {PloS one},
	number = {9},
	pages = {e0137557},
	publisher = {Public Library of Science San Francisco, CA USA},
	title = {The role of sustained attention in the production of conjoined noun phrases: An individual differences study},
	volume = {10},
	year = {2015}}

@article{jongman2015sustained,
	author = {Jongman, Suzanne R and Roelofs, Ardi and Meyer, Antje S},
	date-added = {2022-11-28 13:42:16 +0100},
	date-modified = {2022-11-28 13:42:16 +0100},
	journal = {Quarterly Journal of Experimental Psychology},
	number = {4},
	pages = {710--730},
	publisher = {SAGE Publications Sage UK: London, England},
	title = {Sustained attention in language production: An individual differences investigation},
	volume = {68},
	year = {2015}}

@article{jongman2017sustained,
	author = {Jongman, Suzanne R},
	date-added = {2022-11-28 13:42:16 +0100},
	date-modified = {2022-11-28 13:42:16 +0100},
	journal = {Collabra: Psychology},
	number = {1},
	publisher = {University of California Press},
	title = {Sustained Attention Ability Affects Simple Picture Naming},
	volume = {3},
	year = {2017}}

@article{kello2000task,
	author = {Kello, Christopher T and Plaut, David C and MacWhinney, Brian},
	date-added = {2022-11-28 13:42:16 +0100},
	date-modified = {2022-11-28 13:42:16 +0100},
	journal = {Journal of Experimental Psychology: General},
	number = {3},
	pages = {340},
	publisher = {American Psychological Association},
	title = {The task dependence of staged versus cascaded processing: An empirical and computational study of Stroop interference in speech perception.},
	volume = {129},
	year = {2000}}

@article{klaus2018investigation,
	author = {Klaus, Jana and Schriefers, Herbert},
	date-added = {2022-11-28 13:42:16 +0100},
	date-modified = {2022-11-28 13:42:16 +0100},
	journal = {The Mental Lexicon},
	number = {2},
	pages = {159--185},
	publisher = {John Benjamins},
	title = {An investigation of the role of working memory capacity and naming speed in phonological advance planning in language production},
	volume = {13},
	year = {2018}}

@article{klein1999reliability,
	author = {Klein, Kitty and Fiss, William H},
	date-added = {2022-11-28 13:42:16 +0100},
	date-modified = {2022-11-28 13:42:16 +0100},
	journal = {Behavior research methods, instruments, \& computers},
	number = {3},
	pages = {429--432},
	publisher = {Springer},
	title = {The reliability and stability of the Turner and Engle working memory task},
	volume = {31},
	year = {1999}}

@article{kruschke2018rejecting,
	author = {Kruschke, John K},
	date-added = {2022-11-28 13:42:16 +0100},
	date-modified = {2022-11-28 13:42:16 +0100},
	journal = {Advances in Methods and Practices in Psychological Science},
	number = {2},
	pages = {270--280},
	publisher = {Sage Publications Sage CA: Los Angeles, CA},
	title = {Rejecting or accepting parameter values in Bayesian estimation},
	volume = {1},
	year = {2018}}

@article{kuperman2012age,
	author = {Kuperman, Victor and Stadthagen-Gonzalez, Hans and Brysbaert, Marc},
	date-added = {2022-11-28 13:42:16 +0100},
	date-modified = {2022-11-28 13:42:16 +0100},
	journal = {Behavior research methods},
	number = {4},
	pages = {978--990},
	publisher = {Springer},
	title = {Age-of-acquisition ratings for 30,000 English words},
	volume = {44},
	year = {2012}}

@article{laganaro2012time,
	author = {Laganaro, Marina and Valente, Andrea and Perret, Cyril},
	date-added = {2022-11-28 13:42:16 +0100},
	date-modified = {2022-11-28 13:42:16 +0100},
	journal = {NeuroImage},
	number = {4},
	pages = {3881--3888},
	publisher = {Elsevier},
	title = {Time course of word production in fast and slow speakers: a high density ERP topographic study},
	volume = {59},
	year = {2012}}

@article{landis1977measurement,
	author = {Landis, J Richard and Koch, Gary G},
	date-added = {2022-11-28 13:42:16 +0100},
	date-modified = {2022-11-28 13:42:16 +0100},
	journal = {biometrics},
	pages = {159--174},
	publisher = {JSTOR},
	title = {The measurement of observer agreement for categorical data},
	year = {1977}}

@article{lorenz2019age,
	author = {Lorenz, Antje and Zwitserlood, Pienie and Regel, Stefanie and Abdel Rahman, Rasha},
	date-added = {2022-11-28 13:42:16 +0100},
	date-modified = {2022-11-28 13:42:16 +0100},
	journal = {Quarterly Journal of Experimental Psychology},
	number = {7},
	pages = {1667--1681},
	publisher = {Sage Publications Sage UK: London, England},
	title = {Age-related effects in compound production: Evidence from a double-object picture naming task},
	volume = {72},
	year = {2019}}

@article{ly2016harold,
	author = {Ly, Alexander and Verhagen, Josine and Wagenmakers, Eric-Jan},
	date-added = {2022-11-28 13:42:16 +0100},
	date-modified = {2022-11-28 13:42:16 +0100},
	journal = {Journal of Mathematical Psychology},
	pages = {19--32},
	publisher = {Elsevier},
	title = {Harold Jeffreys's default Bayes factor hypothesis tests: Explanation, extension, and application in psychology},
	volume = {72},
	year = {2016}}

@article{meyer1996lexical,
	author = {Meyer, Antje S},
	date-added = {2022-11-28 13:42:16 +0100},
	date-modified = {2022-11-28 13:42:16 +0100},
	journal = {Journal of memory and Language},
	number = {4},
	pages = {477--496},
	publisher = {Elsevier},
	title = {Lexical access in phrase and sentence production: Results from picture--word interference experiments},
	volume = {35},
	year = {1996}}

@manual{morey2018bayesfactor,
	address = {https://CRAN.R-project.org/package=BayesFactor},
	author = {Richard D. Morey and Jeffrey N. Rouder},
	date-added = {2022-11-28 13:42:16 +0100},
	date-modified = {2022-11-28 13:42:16 +0100},
	edition = {R package version 0.9.12-4.2},
	title = {BayesFactor: Computation of Bayes Factors for Common Designs},
	year = {2018}}

@book{nunnally1994psychometric,
	author = {Nunnally, Jum C},
	date-added = {2022-11-28 13:42:16 +0100},
	date-modified = {2022-11-28 13:42:16 +0100},
	publisher = {Tata McGraw-hill education},
	title = {Psychometric theory 3E},
	year = {1994}}

@article{paap2016role,
	author = {Paap, Kenneth R and Sawi, Oliver},
	date-added = {2022-11-28 13:42:16 +0100},
	date-modified = {2022-11-28 13:42:16 +0100},
	journal = {Journal of Neuroscience Methods},
	pages = {81--93},
	publisher = {Elsevier},
	title = {The role of test-retest reliability in measuring individual and group differences in executive functioning},
	volume = {274},
	year = {2016}}

@article{parsons2019psychological,
	author = {Parsons, Sam and Kruijt, Anne-Wil and Fox, Elaine},
	date-added = {2022-11-28 13:42:16 +0100},
	date-modified = {2022-11-28 13:42:16 +0100},
	journal = {Advances in Methods and Practices in Psychological Science},
	number = {4},
	pages = {378--395},
	publisher = {Sage Publications Sage CA: Los Angeles, CA},
	title = {Psychological science needs a standard practice of reporting the reliability of cognitive-behavioral measurements},
	volume = {2},
	year = {2019}}

@article{piai2013working,
	author = {Piai, Vit{\'o}ria and Roelofs, Ardi},
	date-added = {2022-11-28 13:42:16 +0100},
	date-modified = {2022-11-28 13:42:16 +0100},
	journal = {Acta psychologica},
	number = {3},
	pages = {332--342},
	publisher = {Elsevier},
	title = {Working memory capacity and dual-task interference in picture naming},
	volume = {142},
	year = {2013}}

@manual{R-afex,
	author = {Henrik Singmann and Ben Bolker and Jake Westfall and Frederik Aust and Mattan S. Ben-Shachar},
	date-added = {2022-11-28 13:42:16 +0100},
	date-modified = {2022-11-28 13:42:16 +0100},
	note = {R package version 1.0-1},
	title = {afex: Analysis of Factorial Experiments},
	url = {https://CRAN.R-project.org/package=afex},
	year = {2021},
	bdsk-url-1 = {https://CRAN.R-project.org/package=afex}}

@manual{R-base,
	address = {Vienna, Austria},
	author = {{R Core Team}},
	date-added = {2022-11-28 13:42:16 +0100},
	date-modified = {2022-11-28 13:42:16 +0100},
	organization = {R Foundation for Statistical Computing},
	title = {R: A Language and Environment for Statistical Computing},
	url = {https://www.R-project.org/},
	year = {2021},
	bdsk-url-1 = {https://www.R-project.org/}}

@manual{R-BayesFactor,
	author = {Richard D. Morey and Jeffrey N. Rouder},
	date-added = {2022-11-28 13:42:16 +0100},
	date-modified = {2022-11-28 13:42:16 +0100},
	note = {R package version 0.9.12-4.2},
	title = {BayesFactor: Computation of Bayes Factors for Common Designs},
	url = {https://CRAN.R-project.org/package=BayesFactor},
	year = {2018},
	bdsk-url-1 = {https://CRAN.R-project.org/package=BayesFactor}}

@article{R-bayestestR,
	author = {Dominique Makowski and Mattan S. Ben-Shachar and Daniel L{\"u}decke},
	date-added = {2022-11-28 13:42:16 +0100},
	date-modified = {2022-11-28 13:42:16 +0100},
	doi = {10.21105/joss.01541},
	journal = {Journal of Open Source Software},
	number = {40},
	pages = {1541},
	title = {bayestestR: Describing Effects and their Uncertainty, Existence and Significance within the Bayesian Framework.},
	url = {https://joss.theoj.org/papers/10.21105/joss.01541},
	volume = {4},
	year = {2019},
	bdsk-url-1 = {https://joss.theoj.org/papers/10.21105/joss.01541},
	bdsk-url-2 = {https://doi.org/10.21105/joss.01541}}

@article{R-brms_a,
	author = {Paul-Christian B{\"u}rkner},
	date-added = {2022-11-28 13:42:16 +0100},
	date-modified = {2022-11-28 13:42:16 +0100},
	doi = {10.18637/jss.v080.i01},
	encoding = {UTF-8},
	journal = {Journal of Statistical Software},
	number = {1},
	pages = {1--28},
	title = {{brms}: An {R} Package for {Bayesian} Multilevel Models Using {Stan}},
	volume = {80},
	year = {2017},
	bdsk-url-1 = {https://doi.org/10.18637/jss.v080.i01}}

@article{R-brms_b,
	author = {Paul-Christian B{\"u}rkner},
	date-added = {2022-11-28 13:42:16 +0100},
	date-modified = {2022-11-28 13:42:16 +0100},
	doi = {10.32614/RJ-2018-017},
	encoding = {UTF-8},
	journal = {The R Journal},
	number = {1},
	pages = {395--411},
	title = {Advanced {Bayesian} Multilevel Modeling with the {R} Package {brms}},
	volume = {10},
	year = {2018},
	bdsk-url-1 = {https://doi.org/10.32614/RJ-2018-017}}

@article{R-coda,
	author = {Martyn Plummer and Nicky Best and Kate Cowles and Karen Vines},
	date-added = {2022-11-28 13:42:16 +0100},
	date-modified = {2022-11-28 13:42:16 +0100},
	journal = {R News},
	number = {1},
	pages = {7--11},
	pdf = {https://www.r-project.org/doc/Rnews/Rnews_2006-1.pdf},
	title = {CODA: Convergence Diagnosis and Output Analysis for MCMC},
	url = {https://journal.r-project.org/archive/},
	volume = {6},
	year = {2006},
	bdsk-url-1 = {https://journal.r-project.org/archive/}}

@manual{R-data.table,
	author = {Matt Dowle and Arun Srinivasan},
	date-added = {2022-11-28 13:42:16 +0100},
	date-modified = {2022-11-28 13:42:16 +0100},
	note = {R package version 1.14.0},
	title = {data.table: Extension of `data.frame`},
	url = {https://CRAN.R-project.org/package=data.table},
	year = {2021},
	bdsk-url-1 = {https://CRAN.R-project.org/package=data.table}}

@manual{R-dplyr,
	author = {Hadley Wickham and Romain Fran{\c c}ois and Lionel Henry and Kirill M{\"u}ller},
	date-added = {2022-11-28 13:42:16 +0100},
	date-modified = {2022-11-28 13:42:16 +0100},
	note = {R package version 1.0.7},
	title = {dplyr: A Grammar of Data Manipulation},
	url = {https://CRAN.R-project.org/package=dplyr},
	year = {2021},
	bdsk-url-1 = {https://CRAN.R-project.org/package=dplyr}}

@manual{R-forcats,
	author = {Hadley Wickham},
	date-added = {2022-11-28 13:42:16 +0100},
	date-modified = {2022-11-28 13:42:16 +0100},
	note = {R package version 0.5.1},
	title = {forcats: Tools for Working with Categorical Variables (Factors)},
	url = {https://CRAN.R-project.org/package=forcats},
	year = {2021},
	bdsk-url-1 = {https://CRAN.R-project.org/package=forcats}}

@book{R-ggplot2,
	author = {Hadley Wickham},
	date-added = {2022-11-28 13:42:16 +0100},
	date-modified = {2022-11-28 13:42:16 +0100},
	isbn = {978-3-319-24277-4},
	publisher = {Springer-Verlag New York},
	title = {ggplot2: Elegant Graphics for Data Analysis},
	url = {https://ggplot2.tidyverse.org},
	year = {2016},
	bdsk-url-1 = {https://ggplot2.tidyverse.org}}

@manual{R-ggthemes,
	author = {Jeffrey B. Arnold},
	date-added = {2022-11-28 13:42:16 +0100},
	date-modified = {2022-11-28 13:42:16 +0100},
	note = {R package version 4.2.4},
	title = {ggthemes: Extra Themes, Scales and Geoms for 'ggplot2'},
	url = {https://CRAN.R-project.org/package=ggthemes},
	year = {2021},
	bdsk-url-1 = {https://CRAN.R-project.org/package=ggthemes}}

@manual{R-kableExtra,
	author = {Hao Zhu},
	date-added = {2022-11-28 13:42:16 +0100},
	date-modified = {2022-11-28 13:42:16 +0100},
	note = {R package version 1.3.4},
	title = {kableExtra: Construct Complex Table with 'kable' and Pipe Syntax},
	url = {https://CRAN.R-project.org/package=kableExtra},
	year = {2021},
	bdsk-url-1 = {https://CRAN.R-project.org/package=kableExtra}}

@article{R-lme4,
	author = {Douglas Bates and Martin M{\"a}chler and Ben Bolker and Steve Walker},
	date-added = {2022-11-28 13:42:16 +0100},
	date-modified = {2022-11-28 13:42:16 +0100},
	doi = {10.18637/jss.v067.i01},
	journal = {Journal of Statistical Software},
	number = {1},
	pages = {1--48},
	title = {Fitting Linear Mixed-Effects Models Using {lme4}},
	volume = {67},
	year = {2015},
	bdsk-url-1 = {https://doi.org/10.18637/jss.v067.i01}}

@manual{R-Matrix,
	author = {Douglas Bates and Martin Maechler},
	date-added = {2022-11-28 13:42:16 +0100},
	date-modified = {2022-11-28 13:42:16 +0100},
	note = {R package version 1.3-3},
	title = {Matrix: Sparse and Dense Matrix Classes and Methods},
	url = {https://CRAN.R-project.org/package=Matrix},
	year = {2021},
	bdsk-url-1 = {https://CRAN.R-project.org/package=Matrix}}

@manual{R-nlme,
	author = {Jose Pinheiro and Douglas Bates and Saikat DebRoy and Deepayan Sarkar and {R Core Team}},
	date-added = {2022-11-28 13:42:16 +0100},
	date-modified = {2022-11-28 13:42:16 +0100},
	note = {R package version 3.1-152},
	title = {{nlme}: Linear and Nonlinear Mixed Effects Models},
	url = {https://CRAN.R-project.org/package=nlme},
	year = {2021},
	bdsk-url-1 = {https://CRAN.R-project.org/package=nlme}}

@manual{R-papaja,
	author = {Frederik Aust and Marius Barth},
	date-added = {2022-11-28 13:42:16 +0100},
	date-modified = {2022-11-28 13:42:16 +0100},
	note = {R package version 0.1.0.9997},
	title = {{papaja}: {Create} {APA} manuscripts with {R Markdown}},
	url = {https://github.com/crsh/papaja},
	year = {2020},
	bdsk-url-1 = {https://github.com/crsh/papaja}}

@article{R-posterior,
	author = {Aki Vehtari and Andrew Gelman and Daniel Simpson and Bob Carpenter and Paul-Christian B{\"u}rkner},
	date-added = {2022-11-28 13:42:16 +0100},
	date-modified = {2022-11-28 13:42:16 +0100},
	journal = {Bayesian Analysis},
	title = {Rank-normalization, folding, and localization: An improved Rhat for assessing convergence of MCMC},
	year = {2020}}

@manual{R-purrr,
	author = {Lionel Henry and Hadley Wickham},
	date-added = {2022-11-28 13:42:16 +0100},
	date-modified = {2022-11-28 13:42:16 +0100},
	note = {R package version 0.3.4},
	title = {purrr: Functional Programming Tools},
	url = {https://CRAN.R-project.org/package=purrr},
	year = {2020},
	bdsk-url-1 = {https://CRAN.R-project.org/package=purrr}}

@article{R-Rcpp_a,
	author = {Dirk Eddelbuettel and Romain Fran\c{c}ois},
	date-added = {2022-11-28 13:42:16 +0100},
	date-modified = {2022-11-28 13:42:16 +0100},
	doi = {10.18637/jss.v040.i08},
	journal = {Journal of Statistical Software},
	number = {8},
	pages = {1--18},
	title = {{Rcpp}: Seamless {R} and {C++} Integration},
	url = {https://www.jstatsoft.org/v40/i08/},
	volume = {40},
	year = {2011},
	bdsk-url-1 = {https://www.jstatsoft.org/v40/i08/},
	bdsk-url-2 = {https://doi.org/10.18637/jss.v040.i08}}

@article{R-Rcpp_b,
	author = {Dirk Eddelbuettel and James Joseph Balamuta},
	date-added = {2022-11-28 13:42:16 +0100},
	date-modified = {2022-11-28 13:42:16 +0100},
	doi = {10.1080/00031305.2017.1375990},
	journal = {The American Statistician},
	number = {1},
	pages = {28-36},
	title = {{Extending 	extit{R} with 	extit{C++}: A Brief Introduction to 	extit{Rcpp}}},
	url = {https://doi.org/10.1080/00031305.2017.1375990},
	volume = {72},
	year = {2018},
	bdsk-url-1 = {https://doi.org/10.1080/00031305.2017.1375990}}

@manual{R-readr,
	author = {Hadley Wickham and Jim Hester},
	date-added = {2022-11-28 13:42:16 +0100},
	date-modified = {2022-11-28 13:42:16 +0100},
	note = {R package version 2.0.0},
	title = {readr: Read Rectangular Text Data},
	url = {https://CRAN.R-project.org/package=readr},
	year = {2021},
	bdsk-url-1 = {https://CRAN.R-project.org/package=readr}}

@manual{R-sjPlot,
	author = {Daniel L{\"u}decke},
	date-added = {2022-11-28 13:42:16 +0100},
	date-modified = {2022-11-28 13:42:16 +0100},
	note = {R package version 2.8.9},
	title = {sjPlot: Data Visualization for Statistics in Social Science},
	url = {https://CRAN.R-project.org/package=sjPlot},
	year = {2021},
	bdsk-url-1 = {https://CRAN.R-project.org/package=sjPlot}}

@manual{R-stringr,
	author = {Hadley Wickham},
	date-added = {2022-11-28 13:42:16 +0100},
	date-modified = {2022-11-28 13:42:16 +0100},
	note = {R package version 1.4.0},
	title = {stringr: Simple, Consistent Wrappers for Common String Operations},
	url = {https://CRAN.R-project.org/package=stringr},
	year = {2019},
	bdsk-url-1 = {https://CRAN.R-project.org/package=stringr}}

@manual{R-tibble,
	author = {Kirill M{\"u}ller and Hadley Wickham},
	date-added = {2022-11-28 13:42:16 +0100},
	date-modified = {2022-11-28 13:42:16 +0100},
	note = {R package version 3.1.3},
	title = {tibble: Simple Data Frames},
	url = {https://CRAN.R-project.org/package=tibble},
	year = {2021},
	bdsk-url-1 = {https://CRAN.R-project.org/package=tibble}}

@manual{R-tidybayes,
	author = {Matthew Kay},
	date-added = {2022-11-28 13:42:16 +0100},
	date-modified = {2022-11-28 13:42:16 +0100},
	doi = {10.5281/zenodo.1308151},
	note = {R package version 3.0.0},
	title = {{tidybayes}: Tidy Data and Geoms for {Bayesian} Models},
	url = {http://mjskay.github.io/tidybayes/},
	year = {2021},
	bdsk-url-1 = {http://mjskay.github.io/tidybayes/},
	bdsk-url-2 = {https://doi.org/10.5281/zenodo.1308151}}

@manual{R-tidyr,
	author = {Hadley Wickham},
	date-added = {2022-11-28 13:42:16 +0100},
	date-modified = {2022-11-28 13:42:16 +0100},
	note = {R package version 1.1.3},
	title = {tidyr: Tidy Messy Data},
	url = {https://CRAN.R-project.org/package=tidyr},
	year = {2021},
	bdsk-url-1 = {https://CRAN.R-project.org/package=tidyr}}

@article{R-tidyverse,
	author = {Hadley Wickham and Mara Averick and Jennifer Bryan and Winston Chang and Lucy D'Agostino McGowan and Romain Fran{\c c}ois and Garrett Grolemund and Alex Hayes and Lionel Henry and Jim Hester and Max Kuhn and Thomas Lin Pedersen and Evan Miller and Stephan Milton Bache and Kirill M{\"u}ller and Jeroen Ooms and David Robinson and Dana Paige Seidel and Vitalie Spinu and Kohske Takahashi and Davis Vaughan and Claus Wilke and Kara Woo and Hiroaki Yutani},
	date-added = {2022-11-28 13:42:16 +0100},
	date-modified = {2022-11-28 13:42:16 +0100},
	doi = {10.21105/joss.01686},
	journal = {Journal of Open Source Software},
	number = {43},
	pages = {1686},
	title = {Welcome to the {tidyverse}},
	volume = {4},
	year = {2019},
	bdsk-url-1 = {https://doi.org/10.21105/joss.01686}}

@manual{R-tinylabels,
	author = {Marius Barth},
	date-added = {2022-11-28 13:42:16 +0100},
	date-modified = {2022-11-28 13:42:16 +0100},
	note = {R package version 0.2.1},
	title = {{tinylabels}: Lightweight Variable Labels},
	url = {https://github.com/mariusbarth/tinylabels},
	year = {2021},
	bdsk-url-1 = {https://github.com/mariusbarth/tinylabels}}

@article{rabovsky2016language,
	author = {Rabovsky, Milena and Schad, Daniel J and Rahman, Rasha Abdel},
	date-added = {2022-11-28 13:42:16 +0100},
	date-modified = {2022-11-28 13:42:16 +0100},
	journal = {Cognition},
	pages = {240--244},
	publisher = {Elsevier},
	title = {Language production is facilitated by semantic richness but inhibited by semantic density: Evidence from picture naming},
	volume = {146},
	year = {2016}}

@article{roelofs2004seriality,
	author = {Roelofs, Ardi},
	date-added = {2022-11-28 13:42:16 +0100},
	date-modified = {2022-11-28 13:42:16 +0100},
	journal = {Memory \& Cognition},
	number = {2},
	pages = {212--222},
	publisher = {Springer},
	title = {Seriality of phonological encoding in naming objects and reading their names},
	volume = {32},
	year = {2004}}

@article{rouder2019psychometrics,
	author = {Rouder, Jeffrey N and Haaf, Julia M},
	date-added = {2022-11-28 13:42:16 +0100},
	date-modified = {2022-11-28 13:42:16 +0100},
	journal = {Psychonomic bulletin \& review},
	number = {2},
	pages = {452--467},
	publisher = {Springer},
	title = {A psychometrics of individual differences in experimental tasks},
	volume = {26},
	year = {2019}}

@article{schad2021toward,
	author = {Schad, Daniel J and Betancourt, Michael and Vasishth, Shravan},
	date-added = {2022-11-28 13:42:16 +0100},
	date-modified = {2022-11-28 13:42:16 +0100},
	journal = {Psychological methods},
	number = {1},
	pages = {103},
	publisher = {American Psychological Association},
	title = {Toward a principled Bayesian workflow in cognitive science.},
	volume = {26},
	year = {2021}}

@article{shao2012sources,
	author = {Shao, Zeshu and Roelofs, Ardi and Meyer, Antje S},
	date-added = {2022-11-28 13:42:16 +0100},
	date-modified = {2022-11-28 13:42:16 +0100},
	journal = {Quarterly Journal of Experimental Psychology},
	number = {10},
	pages = {1927--1944},
	publisher = {SAGE Publications Sage UK: London, England},
	title = {Sources of individual differences in the speed of naming objects and actions: The contribution of executive control},
	volume = {65},
	year = {2012}}

@article{shao2013selective,
	author = {Shao, Zeshu and Meyer, Antje S and Roelofs, Ardi},
	date-added = {2022-11-28 13:42:16 +0100},
	date-modified = {2022-11-28 13:42:16 +0100},
	journal = {Memory \& cognition},
	number = {8},
	pages = {1200--1211},
	publisher = {Springer},
	title = {Selective and nonselective inhibition of competitors in picture naming},
	volume = {41},
	year = {2013}}

@article{shao2014electrophysiological,
	author = {Shao, Zeshu and Roelofs, Ardi and Acheson, Daniel J and Meyer, Antje S},
	date-added = {2022-11-28 13:42:16 +0100},
	date-modified = {2022-11-28 13:42:16 +0100},
	journal = {brain research},
	pages = {130--142},
	publisher = {Elsevier},
	title = {Electrophysiological evidence that inhibition supports lexical selection in picture naming},
	volume = {1586},
	year = {2014}}

@article{sikora2016executive,
	author = {Sikora, Katarzyna and Roelofs, Ardi and Hermans, Daan and Knoors, Harry},
	date-added = {2022-11-28 13:42:16 +0100},
	date-modified = {2022-11-28 13:42:16 +0100},
	journal = {Quarterly Journal of Experimental Psychology},
	number = {9},
	pages = {1719--1740},
	publisher = {SAGE Publications Sage UK: London, England},
	title = {Executive control in spoken noun-phrase production: Contributions of updating, inhibiting, and shifting},
	volume = {69},
	year = {2016}}

@article{snodgrass1996naming,
	author = {Snodgrass, Joan Gay and Yuditsky, Tanya},
	date-added = {2022-11-28 13:42:16 +0100},
	date-modified = {2022-11-28 13:42:16 +0100},
	journal = {Behavior Research Methods, Instruments, \& Computers},
	number = {4},
	pages = {516--536},
	publisher = {Springer},
	title = {Naming times for the Snodgrass and Vanderwart pictures},
	volume = {28},
	year = {1996}}

@article{starreveld1999word,
	author = {Starreveld, Peter A and La Heij, Wido},
	date-added = {2022-11-28 13:42:16 +0100},
	date-modified = {2022-11-28 13:42:16 +0100},
	journal = {The American journal of psychology},
	number = {4},
	pages = {521},
	publisher = {University of Illinois Press},
	title = {Word substitution errors in a speeded picture-word task},
	volume = {112},
	year = {1999}}

@book{urbina2014essentials,
	author = {Urbina, Susana},
	date-added = {2022-11-28 13:42:16 +0100},
	date-modified = {2022-11-28 13:42:16 +0100},
	publisher = {John Wiley \& Sons},
	title = {Essentials of psychological testing},
	year = {2014}}

@article{valente2014erp,
	author = {Valente, Andrea and B{\"u}rki, Audrey and Laganaro, Marina},
	date-added = {2022-11-28 13:42:16 +0100},
	date-modified = {2022-11-28 13:42:16 +0100},
	journal = {Frontiers in neuroscience},
	pages = {390},
	publisher = {Frontiers},
	title = {ERP correlates of word production predictors in picture naming: a trial by trial multiple regression analysis from stimulus onset to response},
	volume = {8},
	year = {2014}}

@article{van2014subtlex,
	author = {Van Heuven, Walter JB and Mandera, Pawel and Keuleers, Emmanuel and Brysbaert, Marc},
	date-added = {2022-11-28 13:42:16 +0100},
	date-modified = {2022-11-28 13:42:16 +0100},
	journal = {Quarterly journal of experimental psychology},
	number = {6},
	pages = {1176--1190},
	publisher = {SAGE Publications Sage UK: London, England},
	title = {SUBTLEX-UK: A new and improved word frequency database for British English},
	volume = {67},
	year = {2014}}

@article{viswesvaran2000measurement,
	author = {Viswesvaran, Chockalingam and Ones, Deniz S},
	date-added = {2022-11-28 13:42:16 +0100},
	date-modified = {2022-11-28 13:42:16 +0100},
	journal = {Educational and Psychological Measurement},
	number = {2},
	pages = {224--235},
	publisher = {Sage Publications Sage CA: Thousand Oaks, CA},
	title = {Measurement error in ``Big Five Factors'' personality assessment: Reliability generalization across studies and measures},
	volume = {60},
	year = {2000}}

@article{waters2003reliability,
	author = {Waters, Gloria S and Caplan, David},
	date-added = {2022-11-28 13:42:16 +0100},
	date-modified = {2022-11-28 13:42:16 +0100},
	journal = {Behavior Research Methods, Instruments, \& Computers},
	number = {4},
	pages = {550--564},
	publisher = {Springer},
	title = {The reliability and stability of verbal working memory measures},
	volume = {35},
	year = {2003}}

@article{zehr2018penncontroller,
	author = {Zehr, Jeremy and Schwarz, Florian},
	date-added = {2022-11-28 13:42:16 +0100},
	date-modified = {2022-11-28 13:42:16 +0100},
	journal = {URL https://doi. org/10},
	title = {Penncontroller for internet based experiments (ibex)},
	volume = {17605},
	year = {2018}}

@article{zu2021cross,
	author = {Zu Wolfsthurn, Sarah von Grebmer and Robles, Leticia Pablos and Schiller, Niels O},
	date-added = {2022-11-28 13:42:16 +0100},
	date-modified = {2022-11-28 13:42:16 +0100},
	journal = {Brain and Language},
	pages = {104993},
	publisher = {Elsevier},
	title = {Cross-linguistic interference in late language learners: An ERP study},
	volume = {221},
	year = {2021}}

@manual{R-GGally,
	author = {Barret Schloerke and Di Cook and Joseph Larmarange and Francois Briatte and Moritz Marbach and Edwin Thoen and Amos Elberg and Jason Crowley},
	note = {R package version 2.1.2},
	title = {GGally: Extension to 'ggplot2'},
	url = {https://CRAN.R-project.org/package=GGally},
	year = {2021},
	bdsk-url-1 = {https://CRAN.R-project.org/package=GGally}}

@manual{R-broom.mixed,
	author = {Ben Bolker and David Robinson},
	note = {R package version 0.2.9.4},
	title = {broom.mixed: Tidying Methods for Mixed Models},
	url = {https://CRAN.R-project.org/package=broom.mixed},
	year = {2022},
	bdsk-url-1 = {https://CRAN.R-project.org/package=broom.mixed}}

@article{R-lmerTest,
	author = {Alexandra Kuznetsova and Per B. Brockhoff and Rune H. B. Christensen},
	doi = {10.18637/jss.v082.i13},
	journal = {Journal of Statistical Software},
	number = {13},
	pages = {1--26},
	title = {{lmerTest} Package: Tests in Linear Mixed Effects Models},
	volume = {82},
	year = {2017},
	bdsk-url-1 = {https://doi.org/10.18637/jss.v082.i13}}

@article{forstmann2008function,
	author = {Forstmann, Birte U and Jahfari, Sara and Scholte, H Steven and Wolfensteller, Uta and van den Wildenberg, Wery PM and Ridderinkhof, K Richard},
	journal = {Journal of Neuroscience},
	number = {39},
	pages = {9790--9796},
	publisher = {Soc Neuroscience},
	title = {Function and structure of the right inferior frontal cortex predict individual differences in response inhibition: a model-based approach},
	volume = {28},
	year = {2008}}
@Manual{R-cowplot,
  title = {cowplot: Streamlined Plot Theme and Plot Annotations for 'ggplot2'},
  author = {Claus O. Wilke},
  year = {2020},
  note = {R package version 1.1.1},
  url = {https://CRAN.R-project.org/package=cowplot},
}
@Manual{R-ggExtra,
  title = {ggExtra: Add Marginal Histograms to 'ggplot2', and More 'ggplot2'
Enhancements},
  author = {Dean Attali and Christopher Baker},
  year = {2022},
  note = {R package version 0.10.0},
  url = {https://CRAN.R-project.org/package=ggExtra},
}
